<record><leader>00000cas a2200000 a 4500</leader><controlfield tag="001">11663630</controlfield><controlfield tag="008">850206d19311951ksuwr ne      0   a0eng d</controlfield><datafield ind1=" " ind2=" " tag="010"><subfield code="a">sn 85029041 </subfield></datafield><datafield ind1=" " ind2=" " tag="040"><subfield code="a">KSH</subfield><subfield code="b">eng</subfield><subfield code="c">KSH</subfield><subfield code="d">NPT</subfield><subfield code="d">OCL</subfield><subfield code="d">OCLCQ</subfield></datafield><datafield ind1=" " ind2=" " tag="042"><subfield code="a">msc</subfield></datafield><datafield ind1="0" ind2="0" tag="245"><subfield code="a">Jackson County signal.</subfield></datafield><datafield ind1=" " ind2=" " tag="260"><subfield code="a">Holton, Kan. :</subfield><subfield code="b">Harry E. Ross,</subfield><subfield code="c">1931-1951.</subfield></datafield><datafield ind1=" " ind2=" " tag="300"><subfield code="a">20 v. :</subfield><subfield code="b">ill. ;</subfield><subfield code="c">54 cm.</subfield></datafield><datafield ind1=" " ind2=" " tag="310"><subfield code="a">Weekly</subfield></datafield><datafield ind1="0" ind2=" " tag="362"><subfield code="a">Vol. 54, no. 28 (July 9, 1931)-v. 74, no. 35 (Aug. 30, 1951).</subfield></datafield><datafield ind1=" " ind2=" " tag="500"><subfield code="a">Published by S.T. Osterhold, Dec. 5, 1935-&lt;Aug. 26, 1948&gt;; Paul A. Guess, Sept. 2, 1948-Aug. 30, 1951.</subfield></datafield><datafield ind1=" " ind2=" " tag="500"><subfield code="a">"Politically independent."</subfield></datafield><datafield ind1=" " ind2=" " tag="580"><subfield code="a">Absorbed: Holton shopper (non-extant), Sept. 1, 1949.</subfield></datafield><datafield ind1=" " ind2=" " tag="752"><subfield code="a">United States</subfield><subfield code="b">Kansas</subfield><subfield code="c">Jackson</subfield><subfield code="d">Holton.</subfield></datafield><datafield ind1="0" ind2="0" tag="780"><subfield code="t">Holton signal (Holton, Kan. : 1901)</subfield><subfield code="w">(DLC)sn 85029040</subfield></datafield><datafield ind1="1" ind2="5" tag="780"><subfield code="t">Holton shopper</subfield></datafield><datafield ind1="0" ind2="4" tag="785"><subfield code="t">Holton recorder (Holton, Kan. : 1908)</subfield><subfield code="w">(DLC)sn 85029035</subfield></datafield></record>